<?xml version="1.0" encoding="utf-8"?>
<record xmlns="http://www.loc.gov/MARC21/slim" xmlns:xsi="http://www.w3.org/2001/XMLSchema-instance" xsi:schemaLocation="http://www.loc.gov/MARC21/slim http://www.loc.gov/standards/marcxml/schema/MARC21slim.xsd">
	<leader>     nam a22     Mi 4500</leader>
	<controlfield tag="001">b12365737</controlfield>
	<controlfield tag="003">LeBAU</controlfield>
	<controlfield tag="006">m        d        </controlfield>
	<controlfield tag="007">cr cn |||m|||a</controlfield>
	<controlfield tag="008">181218s1929    iq      o     ||0 0 ara d</controlfield>
	<datafield ind1=" " ind2=" " tag="040">
		<subfield code="a">ZYU</subfield>
		<subfield code="b">ara</subfield>
		<subfield code="e">rda</subfield>
		<subfield code="c">ZYU</subfield>
	</datafield>
	<datafield ind1="0" ind2="4" tag="082">
		<subfield code="a">297.38</subfield>
		<subfield code="2">20</subfield>
	</datafield>
	<datafield ind1="1" ind2=" " tag="100">
		<subfield code="6">880-01</subfield>
		<subfield code="a">Baṣrī, ʻAbd al-Amīr,</subfield>
		<subfield code="e">author.</subfield>
	</datafield>
	<datafield ind1="1" ind2="0" tag="245">
		<subfield code="6">880-02</subfield>
		<subfield code="a">Kitāb lahjat al-ṣidq wa-lisān al-ḥaqq al-radd ʻalá risālat dafʻ al-tamwīh al-muʻazzizah li-risālat al-tanzīh /</subfield>
		<subfield code="c">li-mu’allifihi al-ʻallāmah al-bāriʻ al-shaykh ʻAbd al-Amīr al-Baṣarī mawlidan al-Najafī maskanan.</subfield>
	</datafield>
	<datafield ind1="3" ind2="0" tag="246">
		<subfield code="6">880-03</subfield>
		<subfield code="a">lahjat al-ṣidq wa-lisān al-ḥaqq al-radd ʻalá risālat dafʻ al-tamwīh al-mufrazah li-risālat al-tanzīh</subfield>
	</datafield>
	<datafield ind1=" " ind2="1" tag="264">
		<subfield code="6">880-04</subfield>
		<subfield code="a">al-Najaf :</subfield>
		<subfield code="b">al-Maṭbaʻah al-Ḥaydarīyah,</subfield>
		<subfield code="c">1348 H., [1929? M.]</subfield>
	</datafield>
	<datafield ind1=" " ind2=" " tag="300">
		<subfield code="6">880-05</subfield>
		<subfield code="a">online resource (31 pages)</subfield>
	</datafield>
	<datafield ind1=" " ind2=" " tag="336">
		<subfield code="a">text</subfield>
		<subfield code="2">rdacontent</subfield>
	</datafield>
	<datafield ind1=" " ind2=" " tag="337">
		<subfield code="a">computer</subfield>
		<subfield code="2">rdamedia</subfield>
	</datafield>
	<datafield ind1=" " ind2=" " tag="338">
		<subfield code="a">online resource</subfield>
		<subfield code="2">rdacarrier</subfield>
	</datafield>
	<datafield ind1=" " ind2=" " tag="500">
		<subfield code="a">في رأس العنوان: الحق أحق أن يتبع.</subfield>
	</datafield>
	<datafield ind1=" " ind2=" " tag="500">
		<subfield code="a">Part of the Arabic Collections Online (ACO) project, contributed by American University of Beirut's Jafet Memorial Library.</subfield>
	</datafield>
	<datafield ind1=" " ind2=" " tag="533">
		<subfield code="a">Electronic reproduction.</subfield>
		<subfield code="b">New York, N.Y. :</subfield>
		<subfield code="c">New York University,</subfield>
		<subfield code="d">2018.</subfield>
		<subfield code="5">NNU</subfield>
	</datafield>
	<datafield ind1="1" ind2="4" tag="600">
		<subfield code="a">كنجي، محمد حسن.</subfield>
		<subfield code="t">كشف التمويه من رسالة التنزيه لأعمال الشبيه.</subfield>
	</datafield>
	<datafield ind1="1" ind2="4" tag="600">
		<subfield code="a">العاملي، محسن الحسيني،</subfield>
		<subfield code="d">1865-1952.</subfield>
		<subfield code="t">التنزيه لأعمال الشبيه.</subfield>
	</datafield>
	<datafield ind1="1" ind2="0" tag="600">
		<subfield code="a">Kinjī, Muḥammad Ḥasan.</subfield>
		<subfield code="t">Kashf al-tamwīh min risālat al-tanzīh li-aʻmāl al-shabīh.</subfield>
	</datafield>
	<datafield ind1="1" ind2="0" tag="600">
		<subfield code="a">ʻĀmilī, Muḥsin al-Ḥusaynī,</subfield>
		<subfield code="d">1865-1952.</subfield>
		<subfield code="t">Tanzīh li-aʻmāl al-shabīh.</subfield>
	</datafield>
	<datafield ind1=" " ind2="4" tag="650">
		<subfield code="a">عاشوراء.</subfield>
	</datafield>
	<datafield ind1=" " ind2="4" tag="650">
		<subfield code="a">الشيعة</subfield>
		<subfield code="x">طقوس.</subfield>
	</datafield>
	<datafield ind1=" " ind2="4" tag="650">
		<subfield code="a">الشيعة</subfield>
		<subfield code="x">عادات وممارسات.</subfield>
	</datafield>
	<datafield ind1=" " ind2="0" tag="650">
		<subfield code="a">Tenth of Muharram.</subfield>
	</datafield>
	<datafield ind1=" " ind2="0" tag="650">
		<subfield code="a">Shi'ah</subfield>
		<subfield code="x">Rituals.</subfield>
	</datafield>
	<datafield ind1=" " ind2="0" tag="650">
		<subfield code="a">Shi'ah</subfield>
		<subfield code="x">Customs and practices.</subfield>
	</datafield>
	<datafield ind1="2" ind2=" " tag="710">
		<subfield code="a">Jafet Memorial Library.</subfield>
	</datafield>
	<datafield ind1="0" ind2=" " tag="730">
		<subfield code="a">Arabic Collections Online.</subfield>
	</datafield>
	<datafield ind1="0" ind2="8" tag="776">
		<subfield code="i">Print version:</subfield>
		<subfield code="a">Baṣrī, ʻAbd al-Amīr, author.</subfield>
		<subfield code="t">Kitāb lahjat al-ṣidq wa-lisān al-ḥaqq al-radd ʻalá risālat dafʻ al-tamwīh al-muʻazzizah li-risālat al-tanzīh</subfield>
		<subfield code="w">(LeBAU)b12365737</subfield>
	</datafield>
	<datafield ind1="0" ind2=" " tag="787">
		<subfield code="6">880-06</subfield>
		<subfield code="i">is critique of (work)</subfield>
		<subfield code="4">http://rdaregistry.info/Elements/w/P10182:</subfield>
		<subfield code="a">Kinjī, Muḥammad Ḥasan.</subfield>
		<subfield code="t">Kashf al-tamwīh min risālat al-tanzīh li-aʻmāl al-shabīh.</subfield>
		<subfield code="d">al-Najaf al-Ashraf : al-Maṭbaʻah al-ʻAlawīyah, 1347 H., [1928? M.]</subfield>
		<subfield code="w">(OCoLC)784271534</subfield>
		<subfield code="w">(OCoLC)784271534</subfield>
	</datafield>
	<datafield ind1="4" ind2="0" tag="856">
		<subfield code="u">http://hdl.handle.net/2333.1/ffbg7hn6</subfield>
	</datafield>
	<datafield ind1="1" ind2=" " tag="880">
		<subfield code="6">100-01</subfield>
		<subfield code="a">البصري، عبد الأمير،</subfield>
		<subfield code="e">مؤلف. </subfield>
		<subfield code="4">aut.</subfield>
	</datafield>
	<datafield ind1="1" ind2="0" tag="880">
		<subfield code="6">245-02</subfield>
		<subfield code="a">كتاب لهجة الصدق ولسان الحق في الرد على رسالة دفع التمويه المعززة لرسالة التنزيه /</subfield>
		<subfield code="c">لمؤلفه العلامة البارع الشيخ عبد الأمير البصري مولداً النجفي مسكناً.</subfield>
	</datafield>
	<datafield ind1="3" ind2="0" tag="880">
		<subfield code="6">246-03</subfield>
		<subfield code="a">لهجة الصدق ولسان الحق في الرد على رسالة دفع التمويه المعرزة لرسالة التنزيه</subfield>
	</datafield>
	<datafield ind1=" " ind2="1" tag="880">
		<subfield code="6">264-04</subfield>
		<subfield code="a">النجف الأشرف :</subfield>
		<subfield code="b">المطبعة الحيدرية،</subfield>
		<subfield code="c">1348 هـ.، [1929؟ م.]</subfield>
	</datafield>
	<datafield ind1=" " ind2=" " tag="880">
		<subfield code="6">300-05</subfield>
		<subfield code="a">31 صفحة ؛</subfield>
		<subfield code="c">20 سم</subfield>
	</datafield>
	<datafield ind1="0" ind2=" " tag="880">
		<subfield code="6">787-06</subfield>
		<subfield code="i">نقد (عمل)</subfield>
		<subfield code="4">http://rdaregistry.info/Elements/w/P10182:</subfield>
		<subfield code="a">كنجي، محمد حسن.</subfield>
		<subfield code="t">كشف التمويه من رسالة التنزيه لأعمال الشبيه.</subfield>
		<subfield code="d">النجف الاشرف : المطبعة العلوية، 1347 [هـ.]، [1928؟ م.]</subfield>
		<subfield code="w">b12365798</subfield>
		<subfield code="w">(OCoLC)784271534</subfield>
	</datafield>
	<datafield ind1=" " ind2=" " tag="959">
		<subfield code="a">NNU</subfield>
		<subfield code="b">WEB</subfield>
		<subfield code="c">GENI</subfield>
		<subfield code="t">0</subfield>
		<subfield code="m">Electronic access</subfield>
		<subfield code="s">01</subfield>
	</datafield>
	<datafield ind1=" " ind2=" " tag="999">
		<subfield code="i">LeBAU_b12365737</subfield>
		<subfield code="s">aub_aco002290</subfield>
		<subfield code="e">(ERROR-MISC)</subfield>
	</datafield>
</record>
